%YAML 1.1
%TAG !u! tag:unity3d.com,2011:
--- !u!1 &3164900024767196537
GameObject:
  m_ObjectHideFlags: 0
  m_CorrespondingSourceObject: {fileID: 0}
  m_PrefabInstance: {fileID: 0}
  m_PrefabAsset: {fileID: 0}
  serializedVersion: 6
  m_Component:
  - component: {fileID: 3164900025016024653}
  - component: {fileID: 3164900024767196540}
  - component: {fileID: 3164900024767196541}
  - component: {fileID: 3164900024767196538}
  - component: {fileID: 3164900024767196539}
  - component: {fileID: 3164900024767196536}
  - component: {fileID: 4113216546095290143}
  - component: {fileID: 197273742}
  - component: {fileID: 3164900024491198124}
  - component: {fileID: 3164900024491198123}
  m_Layer: 11
  m_Name: TestEnemy
  m_TagString: Enemy
  m_Icon: {fileID: 0}
  m_NavMeshLayer: 0
  m_StaticEditorFlags: 0
  m_IsActive: 1
--- !u!4 &3164900025016024653
Transform:
  m_ObjectHideFlags: 0
  m_CorrespondingSourceObject: {fileID: 0}
  m_PrefabInstance: {fileID: 0}
  m_PrefabAsset: {fileID: 0}
  m_GameObject: {fileID: 3164900024767196537}
  m_LocalRotation: {x: 0, y: 0, z: 0, w: 1}
  m_LocalPosition: {x: -11.86, y: 0.16, z: 43.81}
  m_LocalScale: {x: 1, y: 1, z: 1}
  m_Children:
  - {fileID: 3164900024421946168}
  - {fileID: 3164900024754395084}
  m_Father: {fileID: 0}
  m_RootOrder: 0
  m_LocalEulerAnglesHint: {x: 0, y: 0, z: 0}
--- !u!114 &3164900024767196540
MonoBehaviour:
  m_ObjectHideFlags: 0
  m_CorrespondingSourceObject: {fileID: 0}
  m_PrefabInstance: {fileID: 0}
  m_PrefabAsset: {fileID: 0}
  m_GameObject: {fileID: 3164900024767196537}
  m_Enabled: 1
  m_EditorHideFlags: 0
  m_Script: {fileID: 11500000, guid: 23ab42720c8ff934ab24e661b2eedb3d, type: 3}
  m_Name: 
  m_EditorClassIdentifier: 
  animator: {fileID: 0}
  defaultStats: {fileID: 11400000, guid: 4b2374407f771ae4f92bcd7c3b309ebc, type: 2}
  combat: {fileID: 0}
  defaultWeapon: {fileID: 11400000, guid: 03f2bf937b4f6914c98730f0ad69ea7d, type: 2}
  stats: {fileID: 11400000, guid: 4b2374407f771ae4f92bcd7c3b309ebc, type: 2}
  equipments:
  - {fileID: 0}
  weapons:
  - {fileID: 11400000, guid: f095f7cf15ef19c42872da33adfe165e, type: 2}
  leftHandGrab: {fileID: 2689706970014460153}
  rightHandGrab: {fileID: 5244021832988232413}
  sheathWeaponTransform: {fileID: 0}
  currentWeaponIndex: 0
  respawnPoint: {fileID: 3164900025016024653}
  respawnPointPosition: {x: 0, y: 0, z: 0}
  respawnPointRotation: {x: 0, y: 0, z: 0, w: 0}
  hPBarCanvas: {fileID: 3164900024421946169}
  hpBar: {fileID: 3164900024657604202}
  hpBarBackground: {fileID: 3164900025326438511}
  godMode: 0
  isAttacking: 0
  isDodging: 0
  isStunned: 0
  twoHanded: 0
  isOnCombatMode: 1
  isHostile: 1
  isAggroed: 0
  rotationSpeed: 1
  aggroDistance: 20
  maxFightingDistance: 0
  isRespwanable: 0
  personality: 0
  damageNumbersPrefab: {fileID: 0}
--- !u!95 &3164900024767196541
Animator:
  serializedVersion: 3
  m_ObjectHideFlags: 0
  m_CorrespondingSourceObject: {fileID: 0}
  m_PrefabInstance: {fileID: 0}
  m_PrefabAsset: {fileID: 0}
  m_GameObject: {fileID: 3164900024767196537}
  m_Enabled: 1
  m_Avatar: {fileID: 9000000, guid: b7f8d8b004313ea4caa947c4b4c4bed6, type: 3}
  m_Controller: {fileID: 9100000, guid: 70f83498c1e9f7d4bb525044287bac33, type: 2}
  m_CullingMode: 0
  m_UpdateMode: 0
  m_ApplyRootMotion: 0
  m_LinearVelocityBlending: 0
  m_WarningMessage: 
  m_HasTransformHierarchy: 1
  m_AllowConstantClipSamplingOptimization: 1
  m_KeepAnimatorControllerStateOnDisable: 0
--- !u!195 &3164900024767196538
NavMeshAgent:
  m_ObjectHideFlags: 0
  m_CorrespondingSourceObject: {fileID: 0}
  m_PrefabInstance: {fileID: 0}
  m_PrefabAsset: {fileID: 0}
  m_GameObject: {fileID: 3164900024767196537}
  m_Enabled: 1
  m_AgentTypeID: 0
  m_Radius: 0.35
  m_Speed: 7
  m_Acceleration: 20
  avoidancePriority: 50
  m_AngularSpeed: 300
  m_StoppingDistance: 3
  m_AutoTraverseOffMeshLink: 1
  m_AutoBraking: 1
  m_AutoRepath: 1
  m_Height: 1.5
  m_BaseOffset: 0
  m_WalkableMask: 4294967295
  m_ObstacleAvoidanceType: 4
--- !u!136 &3164900024767196539
CapsuleCollider:
  m_ObjectHideFlags: 0
  m_CorrespondingSourceObject: {fileID: 0}
  m_PrefabInstance: {fileID: 0}
  m_PrefabAsset: {fileID: 0}
  m_GameObject: {fileID: 3164900024767196537}
  m_Material: {fileID: 0}
  m_IsTrigger: 0
  m_Enabled: 1
  m_Radius: 0.35
  m_Height: 1.5
  m_Direction: 1
  m_Center: {x: 0, y: 0.69, z: 0}
--- !u!54 &3164900024767196536
Rigidbody:
  m_ObjectHideFlags: 0
  m_CorrespondingSourceObject: {fileID: 0}
  m_PrefabInstance: {fileID: 0}
  m_PrefabAsset: {fileID: 0}
  m_GameObject: {fileID: 3164900024767196537}
  serializedVersion: 2
  m_Mass: 1
  m_Drag: 0
  m_AngularDrag: 0.05
  m_UseGravity: 0
  m_IsKinematic: 1
  m_Interpolate: 0
  m_Constraints: 0
  m_CollisionDetection: 0
--- !u!114 &4113216546095290143
MonoBehaviour:
  m_ObjectHideFlags: 0
  m_CorrespondingSourceObject: {fileID: 0}
  m_PrefabInstance: {fileID: 0}
  m_PrefabAsset: {fileID: 0}
  m_GameObject: {fileID: 3164900024767196537}
  m_Enabled: 1
  m_EditorHideFlags: 0
  m_Script: {fileID: 11500000, guid: e66ec6f1b23472f4e90859368d9243d4, type: 3}
  m_Name: 
  m_EditorClassIdentifier: 
  weaponPrefab: {fileID: 0}
  weapon: {fileID: 0}
  hitbox: {fileID: 0}
  currectComboIndex: 0
--- !u!114 &197273742
MonoBehaviour:
  m_ObjectHideFlags: 0
  m_CorrespondingSourceObject: {fileID: 0}
  m_PrefabInstance: {fileID: 0}
  m_PrefabAsset: {fileID: 0}
  m_GameObject: {fileID: 3164900024767196537}
  m_Enabled: 1
  m_EditorHideFlags: 0
  m_Script: {fileID: 11500000, guid: ba64787a66c8d194b9ff2a9f73c57a61, type: 3}
  m_Name: 
  m_EditorClassIdentifier: 
  updateTimeSeconds: 0
  useSlowMode: 0
  debugPhaseText: {fileID: 3164900024322394894}
--- !u!120 &3164900024491198124
LineRenderer:
  m_ObjectHideFlags: 0
  m_CorrespondingSourceObject: {fileID: 0}
  m_PrefabInstance: {fileID: 0}
  m_PrefabAsset: {fileID: 0}
  m_GameObject: {fileID: 3164900024767196537}
  m_Enabled: 1
  m_CastShadows: 1
  m_ReceiveShadows: 1
  m_DynamicOccludee: 1
  m_MotionVectors: 0
  m_LightProbeUsage: 0
  m_ReflectionProbeUsage: 0
  m_RayTracingMode: 0
  m_RenderingLayerMask: 1
  m_RendererPriority: 0
  m_Materials:
  - {fileID: 2100000, guid: b1f0e25fa7db23b43a8e42e9034726fe, type: 2}
  m_StaticBatchInfo:
    firstSubMesh: 0
    subMeshCount: 0
  m_StaticBatchRoot: {fileID: 0}
  m_ProbeAnchor: {fileID: 0}
  m_LightProbeVolumeOverride: {fileID: 0}
  m_ScaleInLightmap: 1
  m_ReceiveGI: 1
  m_PreserveUVs: 0
  m_IgnoreNormalsForChartDetection: 0
  m_ImportantGI: 0
  m_StitchLightmapSeams: 1
  m_SelectedEditorRenderState: 3
  m_MinimumChartSize: 4
  m_AutoUVMaxDistance: 0.5
  m_AutoUVMaxAngle: 89
  m_LightmapParameters: {fileID: 0}
  m_SortingLayerID: 0
  m_SortingLayer: 0
  m_SortingOrder: 0
  m_Positions:
  - {x: 0, y: 0, z: 0}
  - {x: 0, y: 0, z: 1}
  m_Parameters:
    serializedVersion: 3
    widthMultiplier: 1
    widthCurve:
      serializedVersion: 2
      m_Curve:
      - serializedVersion: 3
        time: 0
        value: 1
        inSlope: 0
        outSlope: 0
        tangentMode: 0
        weightedMode: 0
        inWeight: 0.33333334
        outWeight: 0.33333334
      m_PreInfinity: 2
      m_PostInfinity: 2
      m_RotationOrder: 4
    colorGradient:
      serializedVersion: 2
      key0: {r: 1, g: 1, b: 1, a: 1}
      key1: {r: 1, g: 1, b: 1, a: 1}
      key2: {r: 0, g: 0, b: 0, a: 0}
      key3: {r: 0, g: 0, b: 0, a: 0}
      key4: {r: 0, g: 0, b: 0, a: 0}
      key5: {r: 0, g: 0, b: 0, a: 0}
      key6: {r: 0, g: 0, b: 0, a: 0}
      key7: {r: 0, g: 0, b: 0, a: 0}
      ctime0: 0
      ctime1: 65535
      ctime2: 0
      ctime3: 0
      ctime4: 0
      ctime5: 0
      ctime6: 0
      ctime7: 0
      atime0: 0
      atime1: 65535
      atime2: 0
      atime3: 0
      atime4: 0
      atime5: 0
      atime6: 0
      atime7: 0
      m_Mode: 0
      m_NumColorKeys: 2
      m_NumAlphaKeys: 2
    numCornerVertices: 0
    numCapVertices: 0
    alignment: 0
    textureMode: 0
    shadowBias: 0.5
    generateLightingData: 0
  m_UseWorldSpace: 1
  m_Loop: 0
--- !u!114 &3164900024491198123
MonoBehaviour:
  m_ObjectHideFlags: 0
  m_CorrespondingSourceObject: {fileID: 0}
  m_PrefabInstance: {fileID: 0}
  m_PrefabAsset: {fileID: 0}
  m_GameObject: {fileID: 3164900024767196537}
  m_Enabled: 1
  m_EditorHideFlags: 0
  m_Script: {fileID: 11500000, guid: 13906f922e33d7b4ea933f5599672ce3, type: 3}
  m_Name: 
  m_EditorClassIdentifier: 
  enableLineRendering: 0
--- !u!1001 &3164900024754261324
PrefabInstance:
  m_ObjectHideFlags: 0
  serializedVersion: 2
  m_Modification:
    m_TransformParent: {fileID: 3164900025016024653}
    m_Modifications:
    - target: {fileID: -2767314745402550644, guid: b7f8d8b004313ea4caa947c4b4c4bed6,
        type: 3}
      propertyPath: m_LocalRotation.x
      value: 0.13432424
      objectReference: {fileID: 0}
    - target: {fileID: -2767314745402550644, guid: b7f8d8b004313ea4caa947c4b4c4bed6,
        type: 3}
      propertyPath: m_LocalRotation.z
      value: -0.03179412
      objectReference: {fileID: 0}
    - target: {fileID: 100000, guid: b7f8d8b004313ea4caa947c4b4c4bed6, type: 3}
      propertyPath: m_Name
      value: gobbo1
      objectReference: {fileID: 0}
    - target: {fileID: 400000, guid: b7f8d8b004313ea4caa947c4b4c4bed6, type: 3}
      propertyPath: m_LocalPosition.x
      value: 0
      objectReference: {fileID: 0}
    - target: {fileID: 400000, guid: b7f8d8b004313ea4caa947c4b4c4bed6, type: 3}
      propertyPath: m_LocalPosition.y
      value: 0
      objectReference: {fileID: 0}
    - target: {fileID: 400000, guid: b7f8d8b004313ea4caa947c4b4c4bed6, type: 3}
      propertyPath: m_LocalPosition.z
      value: 0
      objectReference: {fileID: 0}
    - target: {fileID: 400000, guid: b7f8d8b004313ea4caa947c4b4c4bed6, type: 3}
      propertyPath: m_LocalRotation.x
      value: -0
      objectReference: {fileID: 0}
    - target: {fileID: 400000, guid: b7f8d8b004313ea4caa947c4b4c4bed6, type: 3}
      propertyPath: m_LocalRotation.y
      value: -0
      objectReference: {fileID: 0}
    - target: {fileID: 400000, guid: b7f8d8b004313ea4caa947c4b4c4bed6, type: 3}
      propertyPath: m_LocalRotation.z
      value: -0
      objectReference: {fileID: 0}
    - target: {fileID: 400000, guid: b7f8d8b004313ea4caa947c4b4c4bed6, type: 3}
      propertyPath: m_LocalRotation.w
      value: 1
      objectReference: {fileID: 0}
    - target: {fileID: 400000, guid: b7f8d8b004313ea4caa947c4b4c4bed6, type: 3}
      propertyPath: m_RootOrder
      value: 1
      objectReference: {fileID: 0}
    - target: {fileID: 400000, guid: b7f8d8b004313ea4caa947c4b4c4bed6, type: 3}
      propertyPath: m_LocalEulerAnglesHint.x
      value: 0
      objectReference: {fileID: 0}
    - target: {fileID: 400000, guid: b7f8d8b004313ea4caa947c4b4c4bed6, type: 3}
      propertyPath: m_LocalEulerAnglesHint.y
      value: 0
      objectReference: {fileID: 0}
    - target: {fileID: 400000, guid: b7f8d8b004313ea4caa947c4b4c4bed6, type: 3}
      propertyPath: m_LocalEulerAnglesHint.z
      value: 0
      objectReference: {fileID: 0}
    - target: {fileID: 2021545167536635551, guid: b7f8d8b004313ea4caa947c4b4c4bed6,
        type: 3}
      propertyPath: m_Materials.Array.data[0]
      value: 
      objectReference: {fileID: 2100000, guid: aff157bd522c9644e9b5847277165a3f, type: 2}
    m_RemovedComponents: []
  m_SourcePrefab: {fileID: 100100000, guid: b7f8d8b004313ea4caa947c4b4c4bed6, type: 3}
--- !u!4 &3164900024754395084 stripped
Transform:
  m_CorrespondingSourceObject: {fileID: 400000, guid: b7f8d8b004313ea4caa947c4b4c4bed6,
    type: 3}
  m_PrefabInstance: {fileID: 3164900024754261324}
  m_PrefabAsset: {fileID: 0}
--- !u!4 &2689706970014460153 stripped
Transform:
  m_CorrespondingSourceObject: {fileID: 1060661418631685557, guid: b7f8d8b004313ea4caa947c4b4c4bed6,
    type: 3}
  m_PrefabInstance: {fileID: 3164900024754261324}
  m_PrefabAsset: {fileID: 0}
--- !u!4 &5244021832988232413 stripped
Transform:
  m_CorrespondingSourceObject: {fileID: -2076869852706748527, guid: b7f8d8b004313ea4caa947c4b4c4bed6,
    type: 3}
  m_PrefabInstance: {fileID: 3164900024754261324}
  m_PrefabAsset: {fileID: 0}
--- !u!1001 &8441188171865353074
PrefabInstance:
  m_ObjectHideFlags: 0
  serializedVersion: 2
  m_Modification:
    m_TransformParent: {fileID: 3164900025016024653}
    m_Modifications:
    - target: {fileID: 6831648538960132170, guid: eeb6bc2820a58da47adebba839021bda,
        type: 3}
      propertyPath: m_LocalPosition.x
      value: 0
      objectReference: {fileID: 0}
    - target: {fileID: 6831648538960132170, guid: eeb6bc2820a58da47adebba839021bda,
        type: 3}
      propertyPath: m_LocalPosition.y
      value: 0
      objectReference: {fileID: 0}
    - target: {fileID: 6831648538960132170, guid: eeb6bc2820a58da47adebba839021bda,
        type: 3}
      propertyPath: m_LocalPosition.z
      value: 0
      objectReference: {fileID: 0}
    - target: {fileID: 6831648538960132170, guid: eeb6bc2820a58da47adebba839021bda,
        type: 3}
      propertyPath: m_LocalRotation.x
      value: 0
      objectReference: {fileID: 0}
    - target: {fileID: 6831648538960132170, guid: eeb6bc2820a58da47adebba839021bda,
        type: 3}
      propertyPath: m_LocalRotation.y
      value: 0
      objectReference: {fileID: 0}
    - target: {fileID: 6831648538960132170, guid: eeb6bc2820a58da47adebba839021bda,
        type: 3}
      propertyPath: m_LocalRotation.z
      value: 0
      objectReference: {fileID: 0}
    - target: {fileID: 6831648538960132170, guid: eeb6bc2820a58da47adebba839021bda,
        type: 3}
      propertyPath: m_LocalRotation.w
      value: 1
      objectReference: {fileID: 0}
    - target: {fileID: 6831648538960132170, guid: eeb6bc2820a58da47adebba839021bda,
        type: 3}
      propertyPath: m_RootOrder
      value: 0
      objectReference: {fileID: 0}
    - target: {fileID: 6831648538960132170, guid: eeb6bc2820a58da47adebba839021bda,
        type: 3}
      propertyPath: m_LocalEulerAnglesHint.x
      value: 0
      objectReference: {fileID: 0}
    - target: {fileID: 6831648538960132170, guid: eeb6bc2820a58da47adebba839021bda,
        type: 3}
      propertyPath: m_LocalEulerAnglesHint.y
      value: 0
      objectReference: {fileID: 0}
    - target: {fileID: 6831648538960132170, guid: eeb6bc2820a58da47adebba839021bda,
        type: 3}
      propertyPath: m_LocalEulerAnglesHint.z
      value: 0
      objectReference: {fileID: 0}
    - target: {fileID: 6831648538960132170, guid: eeb6bc2820a58da47adebba839021bda,
        type: 3}
      propertyPath: m_AnchoredPosition.x
      value: 0
      objectReference: {fileID: 0}
    - target: {fileID: 6831648538960132170, guid: eeb6bc2820a58da47adebba839021bda,
        type: 3}
      propertyPath: m_AnchoredPosition.y
      value: 1.82
      objectReference: {fileID: 0}
    - target: {fileID: 6831648538960132170, guid: eeb6bc2820a58da47adebba839021bda,
        type: 3}
      propertyPath: m_SizeDelta.x
      value: 1
      objectReference: {fileID: 0}
    - target: {fileID: 6831648538960132170, guid: eeb6bc2820a58da47adebba839021bda,
        type: 3}
      propertyPath: m_SizeDelta.y
      value: 0.2
      objectReference: {fileID: 0}
    - target: {fileID: 6831648538960132170, guid: eeb6bc2820a58da47adebba839021bda,
        type: 3}
      propertyPath: m_AnchorMin.x
      value: 0
      objectReference: {fileID: 0}
    - target: {fileID: 6831648538960132170, guid: eeb6bc2820a58da47adebba839021bda,
        type: 3}
      propertyPath: m_AnchorMin.y
      value: 0
      objectReference: {fileID: 0}
    - target: {fileID: 6831648538960132170, guid: eeb6bc2820a58da47adebba839021bda,
        type: 3}
      propertyPath: m_AnchorMax.x
      value: 0
      objectReference: {fileID: 0}
    - target: {fileID: 6831648538960132170, guid: eeb6bc2820a58da47adebba839021bda,
        type: 3}
      propertyPath: m_AnchorMax.y
      value: 0
      objectReference: {fileID: 0}
    - target: {fileID: 6831648538960132170, guid: eeb6bc2820a58da47adebba839021bda,
        type: 3}
      propertyPath: m_Pivot.x
      value: 0.5
      objectReference: {fileID: 0}
    - target: {fileID: 6831648538960132170, guid: eeb6bc2820a58da47adebba839021bda,
        type: 3}
      propertyPath: m_Pivot.y
      value: 0.5
      objectReference: {fileID: 0}
    - target: {fileID: 6831648538960132171, guid: eeb6bc2820a58da47adebba839021bda,
        type: 3}
      propertyPath: m_Name
      value: EnemyCanvas
      objectReference: {fileID: 0}
    - target: {fileID: 6831648538960132174, guid: eeb6bc2820a58da47adebba839021bda,
        type: 3}
      propertyPath: m_SortingLayerID
      value: 1457404263
      objectReference: {fileID: 0}
    - target: {fileID: 6831648539128628504, guid: eeb6bc2820a58da47adebba839021bda,
        type: 3}
      propertyPath: m_AnchoredPosition.x
      value: -0.01
      objectReference: {fileID: 0}
    - target: {fileID: 6831648539128628504, guid: eeb6bc2820a58da47adebba839021bda,
        type: 3}
      propertyPath: m_AnchoredPosition.y
      value: 0
      objectReference: {fileID: 0}
    - target: {fileID: 6831648539128628504, guid: eeb6bc2820a58da47adebba839021bda,
        type: 3}
      propertyPath: m_SizeDelta.y
      value: 0.06
      objectReference: {fileID: 0}
    - target: {fileID: 6831648539128628511, guid: eeb6bc2820a58da47adebba839021bda,
        type: 3}
      propertyPath: m_Color.r
      value: 1
      objectReference: {fileID: 0}
    - target: {fileID: 6831648539128628511, guid: eeb6bc2820a58da47adebba839021bda,
        type: 3}
      propertyPath: m_Color.g
      value: 0.17174745
      objectReference: {fileID: 0}
    - target: {fileID: 6831648539806163741, guid: eeb6bc2820a58da47adebba839021bda,
        type: 3}
      propertyPath: m_SizeDelta.y
      value: 0.08
      objectReference: {fileID: 0}
    m_RemovedComponents: []
  m_SourcePrefab: {fileID: 100100000, guid: eeb6bc2820a58da47adebba839021bda, type: 3}
--- !u!1 &3164900024421946169 stripped
GameObject:
  m_CorrespondingSourceObject: {fileID: 6831648538960132171, guid: eeb6bc2820a58da47adebba839021bda,
    type: 3}
  m_PrefabInstance: {fileID: 8441188171865353074}
  m_PrefabAsset: {fileID: 0}
--- !u!224 &3164900024421946168 stripped
RectTransform:
  m_CorrespondingSourceObject: {fileID: 6831648538960132170, guid: eeb6bc2820a58da47adebba839021bda,
    type: 3}
  m_PrefabInstance: {fileID: 8441188171865353074}
  m_PrefabAsset: {fileID: 0}
--- !u!224 &3164900025326438511 stripped
RectTransform:
  m_CorrespondingSourceObject: {fileID: 6831648539806163741, guid: eeb6bc2820a58da47adebba839021bda,
    type: 3}
  m_PrefabInstance: {fileID: 8441188171865353074}
  m_PrefabAsset: {fileID: 0}
--- !u!224 &3164900024657604202 stripped
RectTransform:
  m_CorrespondingSourceObject: {fileID: 6831648539128628504, guid: eeb6bc2820a58da47adebba839021bda,
    type: 3}
  m_PrefabInstance: {fileID: 8441188171865353074}
  m_PrefabAsset: {fileID: 0}
--- !u!114 &3164900024322394894 stripped
MonoBehaviour:
  m_CorrespondingSourceObject: {fileID: 6831648538793861244, guid: eeb6bc2820a58da47adebba839021bda,
    type: 3}
  m_PrefabInstance: {fileID: 8441188171865353074}
  m_PrefabAsset: {fileID: 0}
  m_GameObject: {fileID: 0}
  m_Enabled: 1
  m_EditorHideFlags: 0
  m_Script: {fileID: 11500000, guid: f4688fdb7df04437aeb418b961361dc5, type: 3}
  m_Name: 
  m_EditorClassIdentifier: 
